@inproceedings{aidarabic,
TITLE = {{AIDArabic}: A Named-entity Disambiguation Framework for {Arabic} Text},
AUTHOR = {Yosef, Mohamed Amir and Spaniol, Marc and Weikum, Gerhard},
LANGUAGE = {eng},
ISBN = {978-1-937284-96-1},
PUBLISHER = {ACL},
YEAR = {2014},
MARGINALMARK = {$\bullet$},
BOOKTITLE = {The EMNLP 2014 Workshop on Arabic Natural Language Processing (ANLP 2014)},
PAGES = {187--195},
EID = {W14-3626},
ADDRESS = {Dohar, Qatar},
}


@InProceedings{gw2c,
  author = {Valentin I. Spitkovsky and Angel X. Chang},
  title = {A Cross-Lingual Dictionary for English Wikipedia Concepts},
  booktitle = {Proceedings of the Eight International Conference on Language Resources and Evaluation (LREC'12)},
  year = {2012},
  month = {may},
  date = {23-25},
  address = {Istanbul, Turkey},
  editor = {Nicoletta Calzolari (Conference Chair) and Khalid Choukri and Thierry Declerck and Mehmet Uğur Doğan and Bente Maegaard and Joseph Mariani and Asuncion Moreno and Jan Odijk and Stelios Piperidis},
  publisher = {European Language Resources Association (ELRA)},
  isbn = {978-2-9517408-7-7},
  language = {english}
 }
 
 
 @misc{langdetect,
  title  = {Language Detection Library for Java},
  author = {Shuyo, Nakatani}, 
  url    = {http://code.google.com/p/language-detection/},
  year   = {2010}
}


@article{DBLP:journals/corr/SteinbergerPKG13,
  author    = {Ralf Steinberger and
               Bruno Pouliquen and
               Mijail Alexandrov Kabadjov and
               Erik Van der Goot},
  title     = {JRC-Names: {A} freely available, highly multilingual named entity
               resource},
  journal   = {CoRR},
  volume    = {abs/1309.6162},
  year      = {2013},
  url       = {http://arxiv.org/abs/1309.6162},
  timestamp = {Wed, 16 Oct 2013 16:43:13 +0200},
  biburl    = {http://dblp.uni-trier.de/rec/bib/journals/corr/SteinbergerPKG13},
  bibsource = {dblp computer science bibliography, http://dblp.org}
}

@InProceedings{azab-EtAl:2013,
  author    = {Azab, Mahmoud  and  Bouamor, Houda  and  Mohit, Behrang  and  Oflazer, Kemal},
  title     = {Dudley North visits North London: Learning When to Transliterate to Arabic},
  booktitle = {Proceedings of the 2013 Conference of the North American Chapter of the Association for Computational Linguistics: Human Language Technologies},
  month     = {June},
  year      = {2013},
  address   = {Atlanta, Georgia},
  publisher = {Association for Computational Linguistics},
  pages     = {439--444},
  url       = {http://www.aclweb.org/anthology/N13-1046}
}

@inproceedings{Koehn:2007,
 author = {Koehn, Philipp and Hoang, Hieu and Birch, Alexandra and Callison-Burch, Chris and Federico, Marcello and Bertoldi, Nicola and Cowan, Brooke and Shen, Wade and Moran, Christine and Zens, Richard and Dyer, Chris and Bojar, Ond\v{r}ej and Constantin, Alexandra and Herbst, Evan},
 title = {Moses: Open Source Toolkit for Statistical Machine Translation},
 booktitle = {Proceedings of the 45th Annual Meeting of the ACL on Interactive Poster and Demonstration Sessions},
 series = {ACL '07},
 year = {2007},
 location = {Prague, Czech Republic},
 pages = {177--180},
 numpages = {4},
 url = {http://dl.acm.org/citation.cfm?id=1557769.1557821},
 acmid = {1557821},
 publisher = {Association for Computational Linguistics},
 address = {Stroudsburg, PA, USA}
} 

@inproceedings{Green2014,
 author = {Spence Green and Daniel Cer and Christopher D. Manning},
 title = {Phrasal: A Toolkit for New Directions in Statistical Machine Translation},
 booktitle = {In Proceddings of the Ninth Workshop on Statistical Machine Translation},
 year = {2014}
}

@InProceedings{Ortiz2014,
  author    = {Daniel Ortiz-Mart\'{\i}nez and Francisco Casacuberta},
  title     = {The New Thot Toolkit for Fully Automatic and Interactive Statistical Machine Translation},
  booktitle = {Proc. of the European Association for Computational Linguistics (EACL): System Demonstrations},
  year      = {2014},
  month     = {April},
  address   = {Gothenburg, Sweden},
  pages     = {45--48}
}

@inproceedings{Al-Onaizan:2002:NETrans,
 author = {Al-Onaizan, Yaser and Knight, Kevin},
 title = {Translating Named Entities Using Monolingual and Bilingual Resources},
 booktitle = {Proceedings of the 40th Annual Meeting on Association for Computational Linguistics},
 series = {ACL '02},
 year = {2002},
 location = {Philadelphia, Pennsylvania},
 pages = {400--408},
 numpages = {9},
 url = {http://dx.doi.org/10.3115/1073083.1073150},
 doi = {10.3115/1073083.1073150},
 acmid = {1073150},
 publisher = {Association for Computational Linguistics},
 address = {Stroudsburg, PA, USA}
} 

@inproceedings{halek2011:NETrans,
  title={Named entities from Wikipedia for machine translation.},
  author={H{\'a}lek, Ondrej and Rosa, Rudolf and Tamchyna, Ales and Bojar, Ondrej},
  booktitle={ITAT},
  pages={23--30},
  year={2011},
  organization={Citeseer}
}

@inproceedings{DBLP:conf/coling/Lee14,
  author    = {Young{-}Suk Lee},
  title     = {Confusion Network for Arabic Name Disambiguation and Transliteration
               in Statistical Machine Translation},
  booktitle = {{COLING} 2014, 25th International Conference on Computational Linguistics,
               Proceedings of the Conference: Technical Papers, August 23-29, 2014,
               Dublin, Ireland},
  pages     = {433--443},
  year      = {2014},
  url       = {http://aclweb.org/anthology/C/C14/C14-1042.pdf},
  timestamp = {Mon, 06 Oct 2014 09:58:51 +0200},
  biburl    = {http://dblp.uni-trier.de/rec/bib/conf/coling/Lee14},
  bibsource = {dblp computer science bibliography, http://dblp.org}
}



@article{yago,
 author = {Hoffart, Johannes and Suchanek, Fabian M. and Berberich, Klaus and Weikum, Gerhard},
 title = {YAGO2: A Spatially and Temporally Enhanced Knowledge Base from Wikipedia},
 journal = {Artif. Intell.},
 issue_date = {January, 2013},
 volume = {194},
 month = jan,
 year = {2013},
 issn = {0004-3702},
 pages = {28--61},
 numpages = {34},
 url = {http://dx.doi.org/10.1016/j.artint.2012.06.001},
 doi = {10.1016/j.artint.2012.06.001},
 acmid = {2405911},
 publisher = {Elsevier Science Publishers Ltd.},
 address = {Essex, UK},
 keywords = {Information extraction, Knowledge bases, Ontologies, Spatio-temporal facts}
} 

@article{yago3,
  added-at = {2014-11-15T10:51:30.000+0100},
  author = {Mahdisoltani, Farzaneh and Biega, Joanna and Suchanek, Fabian M},
  biburl = {http://www.bibsonomy.org/bibtex/2527d9e164746248e4ff7542c0431240b/thoni},
  interhash = {704a1fc292b92e69312d748dcd439ea7},
  intrahash = {527d9e164746248e4ff7542c0431240b},
  keywords = {multilingual ontology toread wikipedia yago yago3},
  timestamp = {2014-11-15T10:51:30.000+0100},
  title = {YAGO3: A Knowledge Base from Multilingual Wikipedias},
  year = 2015
}

@InProceedings{cdec,
  author={Chris Dyer and Adam Lopez and Juri Ganitkevitch and Johnathan Weese
          and Ferhan Ture and Phil Blunsom and Hendra Setiawan and Vladimir Eidelman and Philip Resnik},
  title={cdec: A Decoder, Alignment, and Learning Framework for Finite-State and Context-Free Translation Models},
  booktitle={Proceedings of the Association for Computational Linguistics (ACL)},
  year={2010}
}

@INPROCEEDINGS{dbpedia,
    author = {Sören Auer and Christian Bizer and Georgi Kobilarov and Jens Lehmann and Zachary Ives},
    title = {DBpedia: A Nucleus for a Web of Open Data},
    booktitle = {In 6th Int’l Semantic Web Conference, Busan, Korea},
    year = {2007},
    pages = {11--15},
    publisher = {Springer}
}


@inproceedings{aida,
 author = {Hoffart, Johannes and Yosef, Mohamed Amir and Bordino, Ilaria and F\"{u}rstenau, Hagen and Pinkal, Manfred and Spaniol, Marc and Taneva, Bilyana and Thater, Stefan and Weikum, Gerhard},
 title = {Robust Disambiguation of Named Entities in Text},
 booktitle = {Proceedings of the Conference on Empirical Methods in Natural Language Processing},
 series = {EMNLP '11},
 year = {2011},
 isbn = {978-1-937284-11-4},
 location = {Edinburgh, United Kingdom},
 pages = {782--792},
 numpages = {11},
 url = {http://dl.acm.org/citation.cfm?id=2145432.2145521},
 acmid = {2145521},
 publisher = {Association for Computational Linguistics},
 address = {Stroudsburg, PA, USA}
} 


@article{aida-demo,
  author    = {Mohamed Amir Yosef and
               Johannes Hoffart and
               Ilaria Bordino and
               Marc Spaniol and
               Gerhard Weikum},
  title     = {{AIDA:} An Online Tool for Accurate Disambiguation of Named Entities
               in Text and Tables},
  journal   = {{PVLDB}},
  volume    = {4},
  number    = {12},
  pages     = {1450--1453},
  year      = {2011},
  url       = {http://www.vldb.org/pvldb/vol4/p1450-yosef.pdf},
  timestamp = {Wed, 16 Nov 2011 16:52:00 +0100},
  biburl    = {http://dblp.uni-trier.de/rec/bib/journals/pvldb/YosefHBSW11},
  bibsource = {dblp computer science bibliography, http://dblp.org}
}

@inproceedings{spotlight,
  title = {DBpedia Spotlight: Shedding Light on the Web of Documents},
  author = {Pablo N. Mendes and Max Jakob and Andres Garcia-Silva and Christian Bizer},
  year = {2011},
  booktitle = {Proceedings of the 7th International Conference on Semantic Systems (I-Semantics)},
}


@article{babelfy,
  author    = {Andrea Moro and
               Alessandro Raganato and
               Roberto Navigli},
  title     = {{Entity Linking meets Word Sense Disambiguation: a Unified
               Approach}},
  journal   = {Transactions of the Association for Computational Linguistics (TACL)},
  volume    = {2},
  year      = {2014},
  pages     = {231-244},
}

@inproceedings{crosslang,
  title={Cross-Language Entity Linking.},
  author={McNamee, Paul and Mayfield, James and Lawrie, Dawn and Oard, Douglas W and Doermann, David S},
  booktitle={IJCNLP},
  pages={255--263},
  year={2011}
}

}@inproceedings{huang2004improving,
  title={Improving Named Entity Translation Combining Phonetic and Semantic Similarities.},
  author={Huang, Fei and Vogel, Stephan and Waibel, Alex},
  booktitle={HLT-NAACL},
  volume={2004},
  pages={281--288},
  year={2004}
}

@inproceedings{vogelNETrans,
  title={Improving Named Entity Translation Combining Phonetic and Semantic Similarities.},
  author={Huang, Fei and Vogel, Stephan and Waibel, Alex},
  booktitle={HLT-NAACL},
  volume={2004},
  pages={281--288},
  year={2004}
}

@inproceedings{personscorpus,
	Author =    "James Mayfield and Dawn Lawrie and Paul McNamee and
	       	     Douglas W. Oard",
	Booktitle = "Multilingual and Multimodal Information Access Evaluation:
                     Second International Conference of the Cross-Language
                     Evaluation Forum",
	Title =     "Building a Cross-Language Entity Linking Collection in
	      	     Twenty-One Languages",
	Year =      "2011",
        editor =    "Pamela Forner and Julio Gonzalo and Jaana Keklinen and
                     Mounia Lalmas and Maarten de Rijke",
        publisher = "Springer",
        series =    "Lecture Notes in Computer Science",
        volume =    "6941",
        isbn =      "978-3-642-23707-2",
	pages =     "3--13",
}

@InProceedings{europarl,
  address =   "Phuket, Thailand",
  author =    "Philipp Koehn",
  booktitle = "Proceedings of the Tenth Machine Translation Summit",
  pages =     "79--86",
  title =     "Europarl: A Parallel Corpus for Statistical Machine Translation",
  year =      "2005",
}

@inproceedings{tagme,
 author = {Ferragina, Paolo and Scaiella, Ugo},
 title = {TAGME: On-the-fly Annotation of Short Text Fragments (by Wikipedia Entities)},
 booktitle = {Proceedings of the 19th ACM International Conference on Information and Knowledge Management},
 series = {CIKM '10},
 year = {2010},
 isbn = {978-1-4503-0099-5},
 location = {Toronto, ON, Canada},
 pages = {1625--1628},
 numpages = {4},
 url = {http://doi.acm.org/10.1145/1871437.1871689},
 doi = {10.1145/1871437.1871689},
 acmid = {1871689},
 publisher = {ACM},
 address = {New York, NY, USA},
 keywords = {semantic annotation, text mining, wikipedia, word sense disambiguation}
} 


@article{babelnet,
  author = {Roberto Navigli and Simone Paolo Ponzetto},
 title =   {{B}abel{N}et: {T}he Automatic Construction, Evaluation and Application of a Wide-Coverage Multilingual Semantic Network},
 journal = {Artificial Intelligence},
 year =    {2012},
 volume = {193},
 pages = {217-250}
}


@MISC{ldc,
    author = {Li, Xuansong, et al.},
    title = {GALE Arabic-English Word Alignment Training Part 1-- Newswire and Web LDC2014T05},
	publisher={Philadelphia: Linguistic Data Consortium},
    year = {2014}
}

@inproceedings{TylendaSW11,
  author    = {Tomasz Tylenda and
               Mauro Sozio and
               Gerhard Weikum},
  title     = {Einstein: physicist or vegetarian? summarizing semantic type graphs
               for knowledge discovery},
  booktitle = {Proceedings of the 20th International Conference on World Wide Web,
               {WWW} 2011, Hyderabad, India, March 28 - April 1, 2011 (Companion
               Volume)},
  pages     = {273--276},
  year      = {2011},
  url       = {http://doi.acm.org/10.1145/1963192.1963307},
  doi       = {10.1145/1963192.1963307},
  timestamp = {Mon, 04 Apr 2011 15:46:07 +0200},
  biburl    = {http://dblp.uni-trier.de/rec/bib/conf/www/TylendaSW11},
  bibsource = {dblp computer science bibliography, http://dblp.org}
}

@inproceedings{hyena,  
  author    = {Mohamed Amir Yosef and Sandro Bauer  and Johannes Hoffart Marc Spaniol and Gerhard Weikum},
  title     = {{HYENA}: {H}ierarchical {T}ype {C}lassification for {E}ntity {N}ames},
  booktitle = {Proc. of the $24^{th}$ Intl. Conference on Computational Linguistics (Coling 2012), December 8-15, Mumbai, India},
  year      = {2012},
  pages     = {pp. 1361-1370}
}


@inproceedings{hyena-live,  
  author    = {Mohamed Amir Yosef and Sandro Bauer  and Johannes Hoffart Marc Spaniol and Gerhard Weikum},
  title     = {{HYENA}-live: {F}ine-{G}rained {O}nline {E}ntity {T}ype {C}lassification from {N}atural-language {T}ext},
  booktitle = {Proc. of the 51{st} Annual Meeting of the Association for Computational Linguistics (ACL 2013), Sofia, Bulgaria, August 4-9, 2013},
  year      = {2013},
  pages     = {133--138}
}

@inproceedings{kore,
author = {Hoffart, Johannes and Seufert, Stephan and Nguyen, Dat Ba and Theobald, Martin and Weikum, Gerhard},
title = {{KORE: Keyphrase Overlap Relatedness for Entity Disambiguation}},
booktitle = {Proceedings of the 21st ACM International Conference on Information and Knowledge Management, CIKM 2012, Hawaii, USA},
year = {2012},
pages = {545--554}
}

@InProceedings{jrc,
  author    = {Steinberger, Ralf  and  Pouliquen, Bruno  and  Kabadjov, Mijail  and  Belyaeva, Jenya  and  van der Goot, Erik},
  title     = {JRC-NAMES: A Freely Available, Highly Multilingual Named Entity Resource},
  booktitle = {Proceedings of the International Conference Recent Advances in Natural Language Processing 2011},
  month     = {September},
  year      = {2011},
  address   = {Hissar, Bulgaria},
  publisher = {RANLP 2011 Organising Committee},
  pages     = {104--110},
  url       = {http://aclweb.org/anthology/R11-1015}
}

@INPROCEEDINGS{AWN,
    author = {William Black and Sabri Elkateb and Piek Vossen},
    title = {Introducing the Arabic WordNet Project},
    booktitle = {In Proceedings of the third International WordNet Conference (GWC-06},
    year = {2006}
}

@inproceedings{stanford-segmenter,
  author    = {Will Monroe and
               Spence Green and
               Christopher D. Manning},
  title     = {Word Segmentation of Informal Arabic with Domain Adaptation},
  booktitle = {Proceedings of the 52nd Annual Meeting of the Association for Computational
               Linguistics, {ACL} 2014, June 22-27, 2014, Baltimore, MD, USA, Volume
               2: Short Papers},
  pages     = {206--211},
  year      = {2014},
  url       = {http://aclweb.org/anthology/P/P14/P14-2034.pdf},
  timestamp = {Mon, 28 Jul 2014 19:50:44 +0200},
  biburl    = {http://dblp.uni-trier.de/rec/bib/conf/acl/MonroeGM14},
  bibsource = {dblp computer science bibliography, http://dblp.org}
}

@InProceedings{AWN_NES,
  author = {Mohammed Attia and Antonio Toral and Lamia Tounsi and Monica Monachini and Josef van Genabith},
  title = {An Automatically Built Named Entity Lexicon for Arabic},
  booktitle = {Proceedings of the Seventh International Conference on Language Resources and Evaluation (LREC'10)},
  year = {2010},
  month = {may},
  date = {19-21},
  address = {Valletta, Malta},
  publisher = {European Language Resources Association (ELRA)},
  isbn = {2-9517408-6-7},
  language = {english}
 }


@inproceedings{Darwish13,
  added-at = {2013-11-22T00:00:00.000+0100},
  author = {Darwish, Kareem},
  biburl = {http://www.bibsonomy.org/bibtex/23f32de54794d8658f162ff84d5f64dc1/dblp},
  booktitle = {ACL (1)},
  ee = {http://aclweb.org/anthology/P/P13/P13-1153.pdf},
  interhash = {14b88cc8a6f04c8bdaf095cda860c505},
  intrahash = {3f32de54794d8658f162ff84d5f64dc1},
  isbn = {978-1-937284-50-3},
  keywords = {dblp},
  pages = {1558-1567},
  publisher = {The Association for Computer Linguistics},
  timestamp = {2013-11-27T11:34:03.000+0100},
  title = {Named Entity Recognition using Cross-lingual Resources: Arabic as an Example.},
  url = {http://dblp.uni-trier.de/db/conf/acl/acl2013-1.html#Darwish13},
  year = 2013
}

@inproceedings{freebase,
 author = {Bollacker, Kurt and Evans, Colin and Paritosh, Praveen and Sturge, Tim and Taylor, Jamie},
 title = {Freebase: A Collaboratively Created Graph Database for Structuring Human Knowledge},
 booktitle = {Proceedings of the 2008 ACM SIGMOD International Conference on Management of Data},
 series = {SIGMOD '08},
 year = {2008},
 isbn = {978-1-60558-102-6},
 location = {Vancouver, Canada},
 pages = {1247--1250},
 numpages = {4},
 url = {http://doi.acm.org/10.1145/1376616.1376746},
 doi = {10.1145/1376616.1376746},
 acmid = {1376746},
 publisher = {ACM},
 address = {New York, NY, USA},
 keywords = {collaborative systems, semantic network, tuple store}
} 

@inproceedings{Al-Onaizan2002,
 author = {Al-Onaizan, Yaser and Knight, Kevin},
 title = {Translating Named Entities Using Monolingual and Bilingual Resources},
 booktitle = {Proceedings of the 40th Annual Meeting on Association for Computational Linguistics},
 series = {ACL '02},
 year = {2002},
 location = {Philadelphia, Pennsylvania},
 pages = {400--408},
 numpages = {9},
 url = {http://dx.doi.org/10.3115/1073083.1073150},
 doi = {10.3115/1073083.1073150},
 acmid = {1073150},
 publisher = {Association for Computational Linguistics},
 address = {Stroudsburg, PA, USA}
} 



@inproceedings{halek2011,
  title={Named entities from Wikipedia for machine translation.},
  author={H{\'a}lek, Ondrej and Rosa, Rudolf and Tamchyna, Ales and Bojar, Ondrej},
  booktitle={ITAT},
  pages={23--30},
  year={2011},
  organization={Citeseer}
}

@article{madamira,
  title={Madamira: A fast, comprehensive tool for morphological analysis and disambiguation of arabic},
  author={Pasha, Arfath and Al-Badrashiny, Mohamed and Diab, Mona and El Kholy, Ahmed and Eskander, Ramy and Habash, Nizar and Pooleery, Manoj and Rambow, Owen and Roth, Ryan M},
  journal={Proceedings of the Language Resources and Evaluation Conference (LREC), Reykjavik, Iceland},
  year={2014}
}

