@article{ref1,
  author    = {Maximilian Nickel and
               Kevin Murphy and
               Volker Tresp and
               Evgeniy Gabrilovich},
  title     = {A Review of Relational Machine Learning for Knowledge Graphs},
  journal   = {Proceedings of the {IEEE}},
  volume    = {104},
  number    = {1},
  pages     = {11--33},
  year      = {2016},
  url       = {http://dx.doi.org/10.1109/JPROC.2015.2483592},
  doi       = {10.1109/JPROC.2015.2483592},
  timestamp = {Fri, 08 Jan 2016 17:51:33 +0100},
  biburl    = {http://dblp.uni-trier.de/rec/bib/journals/pieee/Nickel0TG16},
  bibsource = {dblp computer science bibliography, http://dblp.org}
}

@inproceedings{ref2,
  author    = {Maximilian Nickel and
               Volker Tresp and
               Hans{-}Peter Kriegel},
  title     = {A Three-Way Model for Collective Learning on Multi-Relational Data},
  booktitle = {Proceedings of the 28th International Conference on Machine Learning,
               {ICML} 2011, Bellevue, Washington, USA, June 28 - July 2, 2011},
  pages     = {809--816},
  year      = {2011},
  crossref  = {DBLP:conf/icml/2011},
  timestamp = {Fri, 16 Dec 2011 12:40:46 +0100},
  biburl    = {http://dblp.uni-trier.de/rec/bib/conf/icml/NickelTK11},
  bibsource = {dblp computer science bibliography, http://dblp.org}
}

@inproceedings{ref3,
  author    = {Maximilian Nickel and
               Volker Tresp and
               Hans{-}Peter Kriegel},
  title     = {Factorizing {YAGO:} scalable machine learning for linked data},
  booktitle = {Proceedings of the 21st World Wide Web Conference 2012, {WWW} 2012,
               Lyon, France, April 16-20, 2012},
  pages     = {271--280},
  year      = {2012},
  crossref  = {DBLP:conf/www/2012},
  url       = {http://doi.acm.org/10.1145/2187836.2187874},
  doi       = {10.1145/2187836.2187874},
  timestamp = {Thu, 19 Apr 2012 14:50:34 +0200},
  biburl    = {http://dblp.uni-trier.de/rec/bib/conf/www/NickelTK12},
  bibsource = {dblp computer science bibliography, http://dblp.org}
}

@phdthesis{ref4,
  author    = {Maximilian Nickel},
  title     = {Tensor factorization for relational learning},
  school    = {Ludwig Maximilians University Munich},
  year      = {2013},
  url       = {http://edoc.ub.uni-muenchen.de/16056/},
  urn       = {urn:nbn:de:bvb:19-160568},
  timestamp = {Thu, 21 Apr 2016 15:34:26 +0200},
  biburl    = {http://dblp.uni-trier.de/rec/bib/phd/dnb/Nickel13},
  bibsource = {dblp computer science bibliography, http://dblp.org}
}