@article{dlv,
  title={The DLV system for knowledge representation and reasoning},
  author={Leone, Nicola and Pfeifer, Gerald and Faber, Wolfgang and Eiter, Thomas and Gottlob, Georg and Perri, Simona and Scarcello, Francesco},
  journal={ACM Transactions on Computational Logic (TOCL)},
  volume={7},
  number={3},
  pages={499--562},
  year={2006},
  publisher={ACM}
}

@inproceedings{dbp,
  author    = {S{\"{o}}ren Auer and
               Christian Bizer and
               Georgi Kobilarov and
               Jens Lehmann and
               Richard Cyganiak and
               Zachary G. Ives},
  title     = {{DB}pedia: {A} Nucleus for a Web of Open Data},
  booktitle = {Proc. of ISWC},
  pages     = {722--735},
  year      = {2007}
}


@inproceedings{freebase,
  author    = {Kurt D. Bollacker and
               Robert P. Cook and
               Patrick Tufts},
  title     = {{{F}reebase: {A} Shared Database of Structured General Human Knowledge}},
  booktitle = {Proc. of AAAI},
  pages     = {1962--1963},
  year      = {2007}
}



@inproceedings{nell,
  author    = {Andrew Carlson and
               Justin Betteridge and
               Bryan Kisiel and
               Burr Settles and
               Estevam R. Hruschka Jr. and
               Tom M. Mitchell},
  title     = {{Toward an Architecture for Never-Ending Language Learning}},
  booktitle = {Proc. of AAAI},
  year      = {2010}
}



@techreport{BBCD05,
	author = {J. {de Bruijn} and P. Bonnard and H. Citeau and S. Dehors and S. Heymans and J. P{\"u}hrer and T. Eiter},
	Institution = {Ontorule Project Consortium},
	Note = {\url{http://ontorule-project.eu/}},
	Number = {Ontorule D3.1},
	Title = {Combinations of Rules and Ontologies: State-of-the-Art Survey of Issues},
	Year = 2009}


@inproceedings{EIST06,
	author = {T. Eiter and G. Ianni and R. Schindlauer and H. Tompits},
	Booktitle = {Proceedings of the 3rd European Semantic Web Conference, {ESWC} 2006},
	Pages = {273-287},
	Series = {LNCS},
	Title = {Effective Integration of Declarative Rules with External Evaluations for Semantic-Web Reasoning},
	Volume = {4011},
	Year = {2006}
	}

@inproceedings{EFRS14,
  author    = {Thomas Eiter and
               Michael Fink and
               Christoph Redl and
               Daria Stepanova},
  title     = {Exploiting Support Sets for Answer Set Programs with External Evaluations},
  booktitle = {Proceedings of the 28th Conference on Artificial Intelligence, {AAAI} 2014},
  year      = {2014},
  pages     = {1041--1048}
}


@inproceedings{EFS13,
  author    = {Thomas Eiter and
               Michael Fink and
               Daria Stepanova},
  title     = {Data Repair of Inconsistent {DL}-Programs},
  booktitle = {Proceedings of the 23rd International Conference on Artificial Intelligence, {IJCAI} 2013},
  year      = {2013}
}



@inproceedings{EFS13_,
  author    = {Thomas Eiter and
               Michael Fink and
               Daria Stepanova},
  title     = {Inconsistency Management for Description Logic Programs and Beyond},
  booktitle = {Proceedings of the 7th International Conference on Rules and Reasoning Systems, {RR} 2013},
  year      = {2013},
  pages     = {1--3}
}


@inproceedings{EFS_EL14,
  author    = {Thomas Eiter and
               Michael Fink and
               Daria Stepanova},
  title     = {Computing Repairs for Inconsistent {DL}-programs over $\mathcal{EL}$ Ontologies},
  booktitle = {Proceedings of the 14th Joint European Conference on Logic and Artificial Intelligence, {JELIA} 2014},
  year      = {2014},
  pages     = {426--441}
}



@inproceedings{EFS14,
  author    = {Thomas Eiter and
               Michael Fink and
               Daria Stepanova},
  title     = {Towards Practical Deletion Repair of Inconsistent {DL}-programs},
  booktitle = {Proceedings of the 21st European Conference on Artificial Intelligence, {ECAI} 2014},
  year      = {2014},
  pages     = {285--290}
}



@inproceedings{amie,
author={Luis  Gal{\'{a}}rraga and Christina Teflioudi and Katja Hose and Fabian M. Suchanek},
title={{Fast Rule Mining in Ontological Knowledge Bases with AMIE+}},
booktitle={{VLDB} Journal},
year=2015
}



@inproceedings{yago3,
  author    = {Farzaneh Mahdisoltani and
               Joanna Biega and
               Fabian M. Suchanek},
  title     = {{YAGO3:} {A} Knowledge Base from Multilingual Wikipedias},
  booktitle = {Proceedings of CIDR},
  year      = {2015}
}


@phdthesis{Stepanova-PhD,
	Author = {Daria Stepanova},
	School = {Vienna University of Technology},
	Title = {Inconsistencies in Hybrid Knowledge Bases},
	Type = {{PhD} Thesis},
	Year = 2015}

@article{ELST04,
	author = {T. Eiter and G. Ianni and T. Lukasiewicz and R. Schindlauer and H. Tompits},
	journal = {Artificial Intelligence},
	Number = {12-13},
	Pages = {1495--1539},
	Title = {Combining answer set programming with description logics for the {S}emantic {W}eb},
	Volume = 172,
	Year = 2008}



@article{PrASP,
  author    = {Matthias Nickles and
               Alessandra Mileo},
  title     = {Probabilistic Inductive Logic Programming Based on Answer Set Programming},
  journal   = {CoRR},
  volume    = {abs/1405.0720},
  year      = {2014}
}

@inproceedings{praspsys,
  author    = {Matthias Nickles and
               Alessandra Mileo},
  title     = {A System for Probabilistic Inductive Answer Set Programming},
  booktitle = {Scalable Uncertainty Management Conference},
  pages     = {99--105},
  year      = {2015},
}

@inproceedings{Nmilp,
  author    = {Chiaki Sakama},
  title     = {Towards the Integration of Inductive and Nonmonotonic Logic Programming},
  booktitle = {Progress in Discovery Science, Final Report of the Japanese Discovery
               Science Project},
  pages     = {178--188},
  year      = {2002}
}


@inproceedings{probrulelearn,
  author    = {Domenico Corapi and
               Daniel Sykes and
               Katsumi Inoue and
               Alessandra Russo},
  title     = {Probabilistic Rule Learning in Nonmonotonic Domains},
  booktitle = {Computational Logic in Multi-Agent Systems - 12th International Workshop,
               {CLIMA} XII, Spain. Proceedings},
  pages     = {243--258},
  year      = {2011}
}

@INPROCEEDINGS{nml,
    author = {Michael Bain and Stephen Muggleton},
    title = {Non-monotonic Learning},
    booktitle = {Inductive Logic Programming},
    year = {1992},
    pages = {145--161},
    publisher = {Academic Press}
}

@inproceedings{lelp,
   author              = {Katsumi Inoue and 
                          Yoshimitsu Kudoh},
   title               = {Learning Extended Logic Programs.},
   booktitle           = {IJCAI (1)},
   year                = {1997},
   pages               = {176-181},
   crossref            = {1997},
}

@article{R08,
	author = {O. Ray},
	journal = {Journal of Applied Logic},
	Number = {7},
	Pages = {329-340},
	Title = {Nonmonotonic abductive inductive learning},
	Volume = 3,
	Year = 2008}

@inproceedings{DCBR13,
  author    = {Duangtida Athakravi and
               Domenico Corapi and
               Krysia Broda and
               Alessandra Russo},
  title     = {Learning Through Hypothesis Refinement Using Answer Set Programming},
  booktitle = {Inductive Logic Programming - 23rd International Conference, {ILP} 2013, Rio de Janeiro, Brazil, 2013, Revised Selected
               Papers},
  pages     = {31--46},
  year      = {2013},
}



@INCOLLECTION{W96,
Author = {Stefan Wrobel},
Booktitle = {Advances in Inductive Logic Programming},
Editor = {Luc De Raedt},
Pages = {14 {--}{--} 33},
Publisher = {IOS Press, Amsterdam},
Title = {First Order Theory Refinement},
Year = {1996}
}


@inproceedings{CorapiRL10,
  author    = {Domenico Corapi and
               Alessandra Russo and
               Emil Lupu},
  title     = {Inductive Logic Programming as Abductive Search},
  booktitle = {Proceedings of ICLP},
  pages     = {54--63},
  year      = {2010}
}

@inproceedings{CorapiRL12,
  author    = {Domenico Corapi and
               Alessandra Russo and
               Emil Lupu},
  title     = {Inductive Logic Programming in Answer Set Programming},
  booktitle = {Inductive Logic Programming - 21st International Conference, {ILP} 2011, UK, Revised Selected
               Papers},
  pages     = {91--97},
  year      = {2011}
}



@article{abd,
  author    = {Antonis C. Kakas and
               Robert A. Kowalski and
               Francesca Toni},
  title     = {Abductive Logic Programming},
  journal   = {J. Log. Comput.},
  volume    = {2},
  number    = {6},
  pages     = {719--770},
  year      = {1992}
}


@inproceedings{DBLP:conf/iclp/Lifschitz99,
  author    = {Vladimir Lifschitz},
  title     = {Answer Set Planning},
  booktitle = {Logic Programming: The 1999 International Conference},
  pages     = {23--37},
  year      = {1999}
}



@article{iled,
  author    = {Nikos Katzouris and
               Alexander Artikis and
               Georgios Paliouras},
  title     = {Incremental learning of event definitions with Inductive Logic Programming},
  journal   = {Machine Learning},
  volume    = {100},
  number    = {2-3},
  pages     = {555--585},
  year      = {2015}
}

@misc {ilasp,
  author = "Law, Mark and Russo, Alessandra and Broda, Krysia",
  title  = "The {ILASP} system for learning Answer Set Programs",
  year   = "2015",
}


@inproceedings{DBLP:conf/semweb/DarariNPR13,
  author    = {Fariz Darari and
               Werner Nutt and
               Giuseppe Pirr{\`{o}} and
               Simon Razniewski},
  title     = {{Completeness Statements about {RDF} Data Sources and Their Use for
               Query Answering}},
  booktitle = {Proceedings of ISWC},
  pages     = {66--83},
  year      = {2013}
}

@inproceedings{DBLP:conf/dlog/LutzSW12,
  author    = {Carsten Lutz and
               Inan{\c{c}} Seylan and
               Frank Wolter},
  title     = {Mixing Open and Closed World Assumptionin Ontology-Based Data Access:
               Non-Uniform Data Complexity},
  booktitle = {Proceedings of the 2012 International Workshop on Description Logics,
               DL-2012, Rome, Italy, June 7-10, 2012},
  year      = {2012}
}



@article{DBLP:journals/tods/Motro89,
  author    = {Amihai Motro},
  title     = {Integrity = Validity + Completeness},
  journal   = {{ACM} Trans. Database Syst.},
  volume    = {14},
  number    = {4},
  pages     = {480--502},
  year      = {1989}
}



@INPROCEEDINGS{Levy96obtainingcomplete,
    author = {Alon Y. Levy},
    title = {Obtaining Complete Answers from Incomplete Databases},
    booktitle = {In Proc. of the 22nd Int. Conf. on Very Large Data Bases (VLDB'96},
    year = {1996},
    pages = {402--412}
}



@article{DBLP:journals/pvldb/RazniewskiN11,
  author    = {Simon Razniewski and
               Werner Nutt},
  title     = {Completeness of Queries over Incomplete Databases},
  journal   = {{PVLDB}},
  volume    = {4},
  number    = {11},
  pages     = {749--760},
  year      = {2011}
}

@inproceedings{lutz12mixing,
  title = {Mixing Open and Closed World Assumption in Ontology-Based Data Access: Non-Uniform Data Complexity},
  author = {Carsten Lutz and \.{I}nan\c{c} Seylan and Frank Wolter},
  booktitle = {Description Logics},
  year = {2012},
  pages = {268-278},
  volume = {846}
}

@inproceedings{DBLP:conf/esws/PolleresFH06,
  author    = {Axel Polleres and
               Cristina Feier and
               Andreas Harth},
  title     = {Rules with Contextually Scoped Negation},
  booktitle = {3rd European Semantic
               Web Conference, {ESWC} 2006},
  pages     = {332--347},
  year      = {2006}
}

@inproceedings{rdfcomp,
  author    = {Fariz Darari and
               Werner Nutt and
               Giuseppe Pirr{\`{o}} and
               Simon Razniewski},
  title     = {Completeness Statements about {RDF} Data Sources and Their Use for
               Query Answering},
  booktitle = {Proceedings of ISWC},
  pages     = {66--83},
  year      = {2013}
}

@inproceedings{GL1988,
	Author = {Michael Gelfond and Vladimir Lifschitz},
	Booktitle = {Proc. of 5th Int. Conf. and Symp. on Logic Programming, ICLP 1988},
	Pages = {1070--1080},
	Title = {The Stable Model Semantics for Logic Programming},
	Year = 1988}


@article{DBLP:journals/jlp/MuggletonR94,
  author    = {Stephen Muggleton and
               Luc De Raedt},
  title     = {Inductive Logic Programming: Theory and Methods},
  journal   = {J. Log. Program.},
  volume    = {19/20},
  pages     = {629--679},
  year      = {1994}
}

@book{ailp,
  author = {P. A. Flach and A.C. Kakas},
  title = {Abduction and Induction: essays on their
relation and integration},
  volume = {18},
  publisher = {Applied Logic Series},
  year = 2000
}


@article{indas,
  author    = {Chiaki Sakama},
  title     = {Induction from answer sets in nonmonotonic logic programs},
  journal   = {{ACM} Trans. Comput. Log.},
  volume    = {6},
  number    = {2},
  pages     = {203--231},
  year      = {2005}
}



@article{DBLP:journals/ws/LehmannABT11,
  author    = {Jens Lehmann and
               S{\"{o}}ren Auer and
               Lorenz B{\"{u}}hmann and
               Sebastian Tramp},
  title     = {Class expression learning for ontology engineering},
  journal   = {J. Web Sem.},
  volume    = {9},
  number    = {1},
  pages     = {71--81},
  year      = {2011}
}


@inproceedings{DBLP:conf/i-semantics/FossatiKL15,
  author    = {Marco Fossati and
               Dimitris Kontokostas and
               Jens Lehmann},
  title     = {Unsupervised learning of an extensive and usable taxonomy for DBpedia},
  booktitle = {Proc. of the 11th International Conference on Semantic Systems,
               {SEMANTICS} 2015, Vienna, Austria, September 15-17, 2015},
  pages     = {177--184},
  year      = {2015}
}


@article{DBLP:journals/tplp/JozefowskaLL10,
  author    = {Joanna J{\'{o}}zefowska and
               Agnieszka Lawrynowicz and
               Tomasz Lukaszewski},
  title     = {The role of semantics in mining frequent patterns from knowledge bases
               in description logics with rules},
  journal   = {{TPLP}},
  volume    = {10},
  number    = {3},
  pages     = {251--289},
  year      = {2010}
}

@article{DBLP:journals/tplp/Lisi10,
  author    = {Francesca A. Lisi},
  title     = {{Inductive Logic Programming in Databases: From Datalog to DL+log}},
  journal   = {{TPLP}},
  volume    = {10},
  number    = {3},
  pages     = {331--359},
  year      = {2010}
}
@inproceedings{DBLP:conf/ecsqaru/DuvalN99,
  author    = {B{\'{e}}atrice Duval and
               Pascal Nicolas},
  title     = {Learning Default Theories},
  booktitle = {Symbolic and Quantitative Approaches to Reasoning and Uncertainty,
               European Conference},
  pages     = {148--159},
  year      = {1999}
}



@article{DBLP:journals/ci/Lukaszewicz88,
  author    = {Witold Lukaszewicz},
  title     = {Considerations on default logic: an alternative approach},
  journal   = {Computational Intelligence},
  volume    = {4},
  pages     = {1--16},
  year      = {1988}
}

@inproceedings{DBLP:conf/ilp/Muggleton96,
  author    = {Stephen Muggleton},
  title     = {Learning from Positive Data},
  booktitle = {Inductive Logic Programming, 6th International Workshop, ILP-96, Stockholm,
               Sweden, August 26-28, 1996, Selected Papers},
  pages     = {358--376},
  year      = {1996}
}



@inproceedings{DBLP:conf/icde/KasneciRSSW09,
  author    = {Gjergji Kasneci and
               Maya Ramanath and
               Mauro Sozio and
               Fabian M. Suchanek and
               Gerhard Weikum},
  title     = {{STAR:} Steiner-Tree Approximation in Relationship Graphs},
  booktitle = {Proceedings of the 25th International Conference on Data Engineering,
               {ICDE} 2009, Shanghai, China},
  pages     = {868--879},
  year      = {2009}
}



@article{DBLP:journals/datamine/AngiulliF14,
  author    = {Fabrizio Angiulli and
               Fabio Fassetti},
  title     = {Exploiting domain knowledge to detect outliers},
  journal   = {Data Min. Knowl. Discov.},
  volume    = {28},
  number    = {2},
  pages     = {519--568},
  year      = {2014}
}




@article{abd_with_penal,
  author    = {Simona Perri and
               Francesco Scarcello and
               Nicola Leone},
  title     = {Abductive Logic Programs with Penalization: Semantics, Complexity
               and Implementation},
  journal   = {{TPLP}},
  volume    = {5},
  number    = {1-2},
  pages     = {123--159},
  year      = {2005}
}



@article{exception_rules,
  author    = {Einoshin Suzuki and
               Jan M. Zytkow},
  title     = {Unified algorithm for undirected discovery of exception rules},
  journal   = {Int. J. Intell. Syst.},
  volume    = {20},
  number    = {7},
  pages     = {673--691},
  year      = {2005}
}



@article{suzuki,
  author    = {Einoshin Suzuki},
  title     = {Data Mining Methods for Discovering Interesting Exceptions from an
               Unsupervised Table},
  journal   = {J. {UCS}},
  volume    = {12},
  number    = {6},
  pages     = {627--653},
  year      = {2006}
}




@article{DBLP:journals/is/TanKS04,
  author    = {Pang{-}Ning Tan and
               Vipin Kumar and
               Jaideep Srivastava},
  title     = {Selecting the right objective measure for association analysis},
  journal   = {Inf. Syst.},
  volume    = {29},
  number    = {4},
  pages     = {293--313},
  year      = {2004}
}




@article{DBLP:journals/csur/GengH06,
  author    = {Liqiang Geng and
               Howard J. Hamilton},
  title     = {Interestingness measures for data mining: {A} survey},
  journal   = {{ACM} Comput. Surv.},
  volume    = {38},
  number    = {3},
  year      = {2006}
}


@inproceedings{DBLP:conf/ilp/LavracFZ99,
  author    = {Nada Lavrac and
               Peter A. Flach and
               Blaz Zupan},
  title     = {Rule Evaluation Measures: {A} Unifying View},
  booktitle = {Inductive Logic Programming, 9th International Workshop, ILP-99, Bled,
               Slovenia, June 24-27, 1999, Proceedings},
  pages     = {174--185},
  year      = {1999}
}



@incollection{DBLP:books/ph/kumar96/AgrawalCL96,
  author    = {Rakesh Agrawal and
               Michael J. Carey and
               Miron Livny},
  title     = {Concurrency Control Performance Modeling: Alternatives and Implications},
  booktitle = {Performance of Concurrency Control Mechanisms in Centralized Database
               Systems},
  pages     = {58--105},
  year      = {1996}
}

@article{rdf,
author = {O. Lassila and R. R. Swick},
title = {Resource Description Framework ({RDF}) Model and Syntax Specification},
booktitle = {W3C Recommendation},
year = {February 1999}
}



@book{DBLP:books/sp/Lloyd87,
  author    = {John W. Lloyd},
  title     = {Foundations of Logic Programming, 2nd Edition},
  publisher = {Springer},
  year      = {1987}
}



@article{DBLP:journals/pieee/Nickel0TG16,
  author    = {Maximilian Nickel and
               Kevin Murphy and
               Volker Tresp and
               Evgeniy Gabrilovich},
  title     = {A Review of Relational Machine Learning for Knowledge Graphs},
  journal   = {Proceedings of the {IEEE}},
  volume    = {104},
  number    = {1},
  pages     = {11--33},
  year      = {2016}
}




@inproceedings{newrulemine,
  author    = {Yang Chen and Sean Goldberg and Daizy Zhe Wang and Soumitra Siddharth Johri},
  title     = {{Ontological Pathfinding: Mining First-Order Knowledge from Large Knowledge Bases}},
  booktitle = {in Proc. of SIGMOD 2016},
  pages     = {to appear},
  year      = {2016}
}

@inproceedings{wikidata,
  author    = {Fredo Erxleben and
               Michael G{\"{u}}nther and
               Markus Kr{\"{o}}tzsch and
               Julian Mendez and
               Denny Vrandecic},
  title     = {{Introducing Wikidata to the Linked Data Web}},
  booktitle = {Proceedings of ISWC},
  pages     = {50--65},
  year      = {2014}
}


@incollection{DBLP:books/ph/kumar96/AgrawalCL96,
  author    = {Rakesh Agrawal and
               Michael J. Carey and
               Miron Livny},
  title     = {Concurrency Control Performance Modeling: Alternatives and Implications},
  booktitle = {Performance of Concurrency Control Mechanisms in Centralized Database
               Systems},
  pages     = {58--105},
  year      = {1996}
}

@inproceedings{rulemeasures,
  author    = {Paulo J. Azevedo and
               Al{\'{\i}}pio M{\'{a}}rio Jorge},
  title     = {{Comparing Rule Measures for Predictive Association Rules}},
  booktitle = {Proceedings of ECML},
  pages     = {510--517},
  year      = {2007}
}



@article{fpgrowth,
  author    = {Jiawei Han and
               Jian Pei and
               Yiwen Yin and
               Runying Mao},
  title     = {Mining Frequent Patterns without Candidate Generation: {A} Frequent-Pattern
               Tree Approach},
  journal   = {Data Min. Knowl. Discov.},
  volume    = {8},
  number    = {1},
  pages     = {53--87},
  year      = {2004}
}



@article{DBLP:journals/tplp/FierensBRSGTJR15,
  author    = {Daan Fierens and
               Guy Van den Broeck and
               Joris Renkens and
               Dimitar Sht. Shterionov and
               Bernd Gutmann and
               Ingo Thon and
               Gerda Janssens and
               Luc De Raedt},
  title     = {Inference and learning in probabilistic logic programs using weighted
               Boolean formulas},
  journal   = {{TPLP}},
  volume    = {15},
  number    = {3},
  pages     = {358--401},
  year      = {2015}
}

@inproceedings{DBLP:conf/iclp/NicklesM15,
  author    = {Matthias Nickles and
               Alessandra Mileo},
  title     = {A Hybrid Approach to Inference in Probabilistic Non-Monotonic Logic
               Programming},
  booktitle = {Proceedings of ICLP},
  pages     = {57--68},
  year      = {2015}
}



@inproceedings{DBLP:conf/alt/MuggletonF90,
  author    = {Stephen Muggleton and
               Cao Feng},
  title     = {Efficient Induction of Logic Programs},
  booktitle = {{ALT}},
  pages     = {368--381},
  year      = {1990}
}



@article{DBLP:journals/corr/WangL15i,
  author    = {Zhichun Wang and
               Juan{-}Zi Li},
  title     = {{RDF2Rules}: Learning Rules from {RDF} Knowledge Bases by Mining Frequent
               Predicate Cycles},
  journal   = {CoRR},
  volume    = {abs/1512.07734},
  year      = {2015}
}



@article{DBLP:journals/corr/YangYHGD14a,
  author    = {Bishan Yang and
               Wen{-}tau Yih and
               Xiaodong He and
               Jianfeng Gao and
               Li Deng},
  title     = {Embedding Entities and Relations for Learning and Inference in Knowledge
               Bases},
  journal   = {CoRR},
  volume    = {abs/1412.6575},
  year      = {2014}
}



@article{spmf, 
author 		= {Fournier-Viger, P. 
				and Gomariz, A. 
				and Gueniche, T. 
				and Soltani, A. 
				and Wu., C. 
				and Tseng, V. S.}, 
journal 	= {Journal of Machine Learning Research (JMLR)}, 
pages 		= {3389--3393}, 
title 		= {{SPMF: a Java Open-Source Pattern Mining Library}}, 
year 		= {2014}, 
volume		 = {15}
}

@article{fpgrowth,
  author    = {Jiawei Han and
               Jian Pei and
               Yiwen Yin and
               Runying Mao},
  title     = {Mining Frequent Patterns without Candidate Generation: {A} Frequent-Pattern
               Tree Approach},
  journal   = {Data Min. Knowl. Discov.},
  volume    = {8},
  number    = {1},
  pages     = {53--87},
  year      = {2004}
}

@inproceedings{AgrawalS94,
  author    = {Rakesh Agrawal and
               Ramakrishnan Srikant},
  title     = {{Fast Algorithms for Mining Association Rules in Large Databases}},
  booktitle = {Proceedings of VLDB},
  pages     = {487--499},
  year      = {1994}
}



@article{babelnet,
  author    = {Roberto Navigli and
               Simone Paolo Ponzetto},
  title     = {{BabelNet: The automatic construction, evaluation and application of
               a wide-coverage multilingual semantic network}},
  journal   = {Artif. Intell.},
  volume    = {193},
  pages     = {217--250},
  year      = {2012}
}

@inproceedings{techrep,
author = {M. Gad-Elrab and D. Stepanova and J. Urbani and G. Weikum},
Title = {{Exception-enriched Rule Learning from Knowledge Graphs}},
Booktitle = {In Proc. of ISWC 2016, to appear},
Year = {2016}
}

@article{taniar2008exception,
  title={Exception rules in association rule mining},
  author={Taniar, David and Rahayu, Wenny and Lee, Vincent and Daly, Olena},
  journal={Applied Mathematics and Computation},
  volume={205},
  number={2},
  pages={735--750},
  year={2008}
}






@article{ref,
  author    = {Bradley L. Richards and
               Raymond J. Mooney},
  title     = {Automated Refinement of First-Order Horn-Clause Domain Theories},
  journal   = {Machine Learning},
  volume    = {19},
  number    = {2},
  pages     = {95--131},
  year      = {1995}
}



@inproceedings{iswc2016,
  author    = {Mohamed Gad-Elrab, Daria Stepanova, Jacopo Urbani, Gerhard Weikum},
  title     = {Exception-enriched Rule Learning from Knowledge Graphs},
  booktitle = {Proc. of the International Semantic Web Conference. TR available at \url{http://people.mpi-inf.mpg.de/~gadelrab/ExRules_TR.pdf}},
  year      = {2016}
}


@inproceedings{convict,
  author    = {Sergey Brin and
               Rajeev Motwani and
               Jeffrey D. Ullman and
               Shalom Tsur},
  title     = {Dynamic Itemset Counting and Implication Rules for Market Basket Data},
  booktitle = {{SIGMOD} 1997, Proc. {ACM} {SIGMOD} International Conference
               on Management of Data},
  pages     = {255--264},
  year      = {1997}
}

@inproceedings{DBLP:conf/kr/Helft89,
  author    = {Nicolas Helft},
  title     = {Induction as Nonmonotonic Inference},
  booktitle = {Proc. of the 1st Int. Conf. on Principles of KR (KR'89).},
  pages     = {149--156},
  year      = {1989}
}

@inproceedings{ref2,
  author    = {Hilde Ad{\'{e}} and
               Bart Malfait and
               Luc De Raedt},
  title     = {{RUTH:} an {ILP} Theory Revision System},
  booktitle = {Methodologies for Intelligent Systems, 8th International Symposium,
               {ISMIS} '94, Charlotte, North Carolina, USA, October 16-19, 1994,
               Proceedings},
  pages     = {336--345},
  year      = {1994}
}

@inproceedings{kakas,
  author    = {Yannis Dimopoulos and
               Antonis C. Kakas},
  title     = {Learning Non-Monotonic Logic Programs: Learning Exceptions},
  booktitle = {Machine Learning: ECML-95, 8th European Conference on Machine Learning,
               Heraclion, Crete, Greece, April 25-27, 1995, Proceedings},
  pages     = {122--137},
  year      = {1995}
}

@inproceedings{rumis,
  author    = {Dang, Daria Stepanova and
  			   Mohamed Gad Elrab, Francesca A. Lisi
  			   and Gerhard Weikum},
  title     = {Towards Nonmonotonic Relational Learning from Knowledge Graphs},
  booktitle = {Proc. of the International Conference on Inductive Logic Programming.},
  year      = {2016}
}
